{
  "log_1772647953402_ubx0zqsj3": {
    "whatsapp_id": "94562898964712",
    "message": "Audrey completed the drill on 2026-03-04T18:12:29.000Z",
    "timestamp": "2026-03-04T18:12:29.000Z",
    "type": "DONE"
  },
  "log_1772648017314_udc2oshev": {
    "whatsapp_id": "139088539705546",
    "message": "_miss nakai_ completed the drill on 2026-03-04T18:13:34.000Z",
    "timestamp": "2026-03-04T18:13:34.000Z",
    "type": "DONE"
  },
  "log_1772654413440_wei56kjwg": {
    "whatsapp_id": "236932256759895",
    "message": "Nyarie completed the drill on 2026-03-04T20:00:09.000Z",
    "timestamp": "2026-03-04T20:00:09.000Z",
    "type": "DONE"
  },
  "log_1772656128533_ujclx6d0e": {
    "whatsapp_id": "119383498195085",
    "message": "Tafadzwa Olinny Mlambo completed the drill on 2026-03-04T20:28:44.000Z",
    "timestamp": "2026-03-04T20:28:44.000Z",
    "type": "DONE"
  },
  "log_1772661584387_2os7b06cp": {
    "whatsapp_id": "216513915187404",
    "message": "🐇🕰️~ completed the drill on 2026-03-04T21:59:40.000Z",
    "timestamp": "2026-03-04T21:59:40.000Z",
    "type": "DONE"
  },
  "log_1772666729982_v798iizq9": {
    "whatsapp_id": "64004374401097",
    "message": "Awande  completed the drill on 2026-03-04T23:25:25.000Z",
    "timestamp": "2026-03-04T23:25:25.000Z",
    "type": "DONE"
  },
  "log_1772682539232_3fyod95za": {
    "whatsapp_id": "249924314746905",
    "message": "takudzw@ completed the drill on 2026-03-05T03:48:54.000Z",
    "timestamp": "2026-03-05T03:48:54.000Z",
    "type": "DONE"
  },
  "log_1772700600923_n0iv1ytoz": {
    "whatsapp_id": "50483532156952",
    "message": "Sent late reminder to Member 1 - 50483532156952 via 50483532156952@lid",
    "timestamp": "2026-03-05T08:50:00.922Z",
    "type": "LATE"
  },
  "log_1772700601555_90go338vo": {
    "whatsapp_id": "43581637136536",
    "message": "Sent late reminder to Member 2 - 43581637136536 via 43581637136536@lid",
    "timestamp": "2026-03-05T08:50:01.555Z",
    "type": "LATE"
  },
  "log_1772700602203_tkmvui0ms": {
    "whatsapp_id": "12112059490427",
    "message": "Sent late reminder to Member 3 - 12112059490427 via 12112059490427@lid",
    "timestamp": "2026-03-05T08:50:02.202Z",
    "type": "LATE"
  },
  "log_1772700602866_ck376u032": {
    "whatsapp_id": "34815508275206",
    "message": "Sent late reminder to Member 4 - 34815508275206 via 34815508275206@lid",
    "timestamp": "2026-03-05T08:50:02.866Z",
    "type": "LATE"
  },
  "log_1772700603524_dxhntocxo": {
    "whatsapp_id": "258235462369468",
    "message": "Sent late reminder to Member 5 - 258235462369468 via 258235462369468@lid",
    "timestamp": "2026-03-05T08:50:03.524Z",
    "type": "LATE"
  },
  "log_1772700604145_w5t8kx4x4": {
    "whatsapp_id": "3926220898475",
    "message": "Sent late reminder to Member 6 - 3926220898475 via 3926220898475@lid",
    "timestamp": "2026-03-05T08:50:04.145Z",
    "type": "LATE"
  },
  "log_1772700604759_s98pld418": {
    "whatsapp_id": "60735333900306",
    "message": "Sent late reminder to Member 7 - 60735333900306 via 60735333900306@lid",
    "timestamp": "2026-03-05T08:50:04.759Z",
    "type": "LATE"
  },
  "log_1772700605359_dngg1bn76": {
    "whatsapp_id": "268070853595333",
    "message": "Sent late reminder to Member 8 - 268070853595333 via 268070853595333@lid",
    "timestamp": "2026-03-05T08:50:05.359Z",
    "type": "LATE"
  },
  "log_1772700605954_r3udi0yjk": {
    "whatsapp_id": "234342508941467",
    "message": "Sent late reminder to Member 9 - 234342508941467 via 234342508941467@lid",
    "timestamp": "2026-03-05T08:50:05.954Z",
    "type": "LATE"
  },
  "log_1772700606554_sm86e8dg9": {
    "whatsapp_id": "76403190067423",
    "message": "Sent late reminder to Member 10 - 76403190067423 via 76403190067423@lid",
    "timestamp": "2026-03-05T08:50:06.554Z",
    "type": "LATE"
  },
  "log_1772700607218_kks451nm1": {
    "whatsapp_id": "31959170429109",
    "message": "Sent late reminder to Member 11 - 31959170429109 via 31959170429109@lid",
    "timestamp": "2026-03-05T08:50:07.218Z",
    "type": "LATE"
  },
  "log_1772700607840_2qzwrk62d": {
    "whatsapp_id": "150328318132371",
    "message": "Sent late reminder to Member 12 - 150328318132371 via 150328318132371@lid",
    "timestamp": "2026-03-05T08:50:07.839Z",
    "type": "LATE"
  },
  "log_1772700608497_pa3ykmc5b": {
    "whatsapp_id": "156943138222327",
    "message": "Sent late reminder to Member 13 - 156943138222327 via 156943138222327@lid",
    "timestamp": "2026-03-05T08:50:08.497Z",
    "type": "LATE"
  },
  "log_1772700609107_8wgqk1s68": {
    "whatsapp_id": "264080560549986",
    "message": "Sent late reminder to Member 14 - 264080560549986 via 264080560549986@lid",
    "timestamp": "2026-03-05T08:50:09.107Z",
    "type": "LATE"
  },
  "log_1772700609740_oqj555kk0": {
    "whatsapp_id": "78688599146622",
    "message": "Sent late reminder to Member 16 - 78688599146622 via 78688599146622@lid",
    "timestamp": "2026-03-05T08:50:09.740Z",
    "type": "LATE"
  },
  "log_1772700610368_a8vndbtq7": {
    "whatsapp_id": "41172261146761",
    "message": "Sent late reminder to Member 17 - 41172261146761 via 41172261146761@lid",
    "timestamp": "2026-03-05T08:50:10.367Z",
    "type": "LATE"
  },
  "log_1772700611033_wb1t9kd4y": {
    "whatsapp_id": "194545308405943",
    "message": "Sent late reminder to Member 18 - 194545308405943 via 194545308405943@lid",
    "timestamp": "2026-03-05T08:50:11.033Z",
    "type": "LATE"
  },
  "log_1772700611595_ithi4rw3a": {
    "whatsapp_id": "109135689429039",
    "message": "Sent late reminder to Member 19 - 109135689429039 via 109135689429039@lid",
    "timestamp": "2026-03-05T08:50:11.595Z",
    "type": "LATE"
  },
  "log_1772700612219_fac696fde": {
    "whatsapp_id": "251951841300583",
    "message": "Sent late reminder to Member 20 - 251951841300583 via 251951841300583@lid",
    "timestamp": "2026-03-05T08:50:12.219Z",
    "type": "LATE"
  },
  "log_1772700612868_8iprwhroi": {
    "whatsapp_id": "28218472005857",
    "message": "Sent late reminder to Member 23 - 28218472005857 via 28218472005857@lid",
    "timestamp": "2026-03-05T08:50:12.868Z",
    "type": "LATE"
  },
  "log_1772700613503_2d1mkajdo": {
    "whatsapp_id": "55392864358411",
    "message": "Sent late reminder to Member 24 - 55392864358411 via 55392864358411@lid",
    "timestamp": "2026-03-05T08:50:13.503Z",
    "type": "LATE"
  },
  "log_1772700614181_4ohtaxuba": {
    "whatsapp_id": "180105729048657",
    "message": "Sent late reminder to Member 25 - 180105729048657 via 180105729048657@lid",
    "timestamp": "2026-03-05T08:50:14.181Z",
    "type": "LATE"
  },
  "log_1772700614943_ufsexg4ur": {
    "whatsapp_id": "177253669409019",
    "message": "Sent late reminder to Member 26 - 177253669409019 via 177253669409019@lid",
    "timestamp": "2026-03-05T08:50:14.942Z",
    "type": "LATE"
  },
  "log_1772700615598_hwhardnbk": {
    "whatsapp_id": "273245936816323",
    "message": "Sent late reminder to Member 27 - 273245936816323 via 273245936816323@lid",
    "timestamp": "2026-03-05T08:50:15.598Z",
    "type": "LATE"
  },
  "log_1772700616224_auwvzq1go": {
    "whatsapp_id": "94562898964712",
    "message": "Sent late reminder to Member 28 - 94562898964712 via 94562898964712@lid",
    "timestamp": "2026-03-05T08:50:16.224Z",
    "type": "LATE"
  },
  "log_1772700616809_jmpqkje8g": {
    "whatsapp_id": "68488186069116",
    "message": "Sent late reminder to Member 29 - 68488186069116 via 68488186069116@lid",
    "timestamp": "2026-03-05T08:50:16.809Z",
    "type": "LATE"
  },
  "log_1772700617472_2turg4wsb": {
    "whatsapp_id": "187428564406355",
    "message": "Sent late reminder to Member 30 - 187428564406355 via 187428564406355@lid",
    "timestamp": "2026-03-05T08:50:17.472Z",
    "type": "LATE"
  },
  "log_1772700618108_hhqvanuz8": {
    "whatsapp_id": "252832057954526",
    "message": "Sent late reminder to Member 31 - 252832057954526 via 252832057954526@lid",
    "timestamp": "2026-03-05T08:50:18.108Z",
    "type": "LATE"
  },
  "log_1772700618744_7o72ec06e": {
    "whatsapp_id": "60650004987985",
    "message": "Sent late reminder to Member 32 - 60650004987985 via 60650004987985@lid",
    "timestamp": "2026-03-05T08:50:18.744Z",
    "type": "LATE"
  },
  "log_1772700619396_myvxgsvmc": {
    "whatsapp_id": "58802783129743",
    "message": "Sent late reminder to Member 34 - 58802783129743 via 58802783129743@lid",
    "timestamp": "2026-03-05T08:50:19.395Z",
    "type": "LATE"
  },
  "log_1772700620002_bsh7mjtds": {
    "whatsapp_id": "242176613179582",
    "message": "Sent late reminder to Member 35 - 242176613179582 via 242176613179582@lid",
    "timestamp": "2026-03-05T08:50:20.001Z",
    "type": "LATE"
  },
  "log_1772700620642_tjam2pg0p": {
    "whatsapp_id": "195528486838387",
    "message": "Sent late reminder to Member 36 - 195528486838387 via 195528486838387@lid",
    "timestamp": "2026-03-05T08:50:20.642Z",
    "type": "LATE"
  },
  "log_1772700621210_x3n7jldd0": {
    "whatsapp_id": "263879082946704",
    "message": "Sent late reminder to Member 37 - 263879082946704 via 263879082946704@lid",
    "timestamp": "2026-03-05T08:50:21.209Z",
    "type": "LATE"
  },
  "log_1772700621890_k0skjpl8l": {
    "whatsapp_id": "262762240438513",
    "message": "Sent late reminder to Member 38 - 262762240438513 via 262762240438513@lid",
    "timestamp": "2026-03-05T08:50:21.890Z",
    "type": "LATE"
  },
  "log_1772700622492_rvsllopei": {
    "whatsapp_id": "8173691887702",
    "message": "Sent late reminder to Member 39 - 8173691887702 via 8173691887702@lid",
    "timestamp": "2026-03-05T08:50:22.491Z",
    "type": "LATE"
  },
  "log_1772700623075_vs4f4nrw8": {
    "whatsapp_id": "44994631045353",
    "message": "Sent late reminder to Member 40 - 44994631045353 via 44994631045353@lid",
    "timestamp": "2026-03-05T08:50:23.074Z",
    "type": "LATE"
  },
  "log_1772700623770_9e4gxaqpu": {
    "whatsapp_id": "124743785177116",
    "message": "Sent late reminder to Member 41 - 124743785177116 via 124743785177116@lid",
    "timestamp": "2026-03-05T08:50:23.770Z",
    "type": "LATE"
  },
  "log_1772700623776_bovut1t6c": {
    "whatsapp_id": "99665034916058",
    "message": "Sent late reminder to Member 42 - 99665034916058 via 99665034916058@lid",
    "timestamp": "2026-03-05T08:50:23.776Z",
    "type": "LATE"
  },
  "log_1772700624374_z4wtje6sr": {
    "whatsapp_id": "69394558365851",
    "message": "Sent late reminder to Member 43 - 69394558365851 via 69394558365851@lid",
    "timestamp": "2026-03-05T08:50:24.373Z",
    "type": "LATE"
  },
  "log_1772700625106_g2l7wr8in": {
    "whatsapp_id": "101692594987217",
    "message": "Sent late reminder to Member 44 - 101692594987217 via 101692594987217@lid",
    "timestamp": "2026-03-05T08:50:25.105Z",
    "type": "LATE"
  },
  "log_1772700625759_b2wamsviz": {
    "whatsapp_id": "26753821081704",
    "message": "Sent late reminder to Member 45 - 26753821081704 via 26753821081704@lid",
    "timestamp": "2026-03-05T08:50:25.758Z",
    "type": "LATE"
  },
  "log_1772700626533_c0tzrmfz3": {
    "whatsapp_id": "33337989136534",
    "message": "Sent late reminder to Member 46 - 33337989136534 via 33337989136534@lid",
    "timestamp": "2026-03-05T08:50:26.533Z",
    "type": "LATE"
  },
  "log_1772700627302_qj6qydx9j": {
    "whatsapp_id": "212287734456447",
    "message": "Sent late reminder to Member 47 - 212287734456447 via 212287734456447@lid",
    "timestamp": "2026-03-05T08:50:27.302Z",
    "type": "LATE"
  },
  "log_1772700627952_ovwoudphw": {
    "whatsapp_id": "139088539705546",
    "message": "Sent late reminder to Member 48 - 139088539705546 via 139088539705546@lid",
    "timestamp": "2026-03-05T08:50:27.952Z",
    "type": "LATE"
  },
  "log_1772700628550_pt5m4c1zb": {
    "whatsapp_id": "91844084006993",
    "message": "Sent late reminder to Member 49 - 91844084006993 via 91844084006993@lid",
    "timestamp": "2026-03-05T08:50:28.549Z",
    "type": "LATE"
  },
  "log_1772700629664_zyc25s6ta": {
    "whatsapp_id": "91131018764490",
    "message": "Sent late reminder to Member 51 - 91131018764490 via 91131018764490@lid",
    "timestamp": "2026-03-05T08:50:29.664Z",
    "type": "LATE"
  },
  "log_1772700630296_91s4t6mpk": {
    "whatsapp_id": "145149006991566",
    "message": "Sent late reminder to Member 52 - 145149006991566 via 145149006991566@lid",
    "timestamp": "2026-03-05T08:50:30.296Z",
    "type": "LATE"
  },
  "log_1772700630896_e4weuftkk": {
    "whatsapp_id": "139286460518627",
    "message": "Sent late reminder to Member 53 - 139286460518627 via 139286460518627@lid",
    "timestamp": "2026-03-05T08:50:30.896Z",
    "type": "LATE"
  },
  "log_1772700631530_77sxs48yr": {
    "whatsapp_id": "172778481307649",
    "message": "Sent late reminder to Member 54 - 172778481307649 via 172778481307649@lid",
    "timestamp": "2026-03-05T08:50:31.529Z",
    "type": "LATE"
  },
  "log_1772700632357_ccr53xx8q": {
    "whatsapp_id": "109509368373410",
    "message": "Sent late reminder to Member 55 - 109509368373410 via 109509368373410@lid",
    "timestamp": "2026-03-05T08:50:32.356Z",
    "type": "LATE"
  },
  "log_1772700632962_3jciugnql": {
    "whatsapp_id": "278790957736082",
    "message": "Sent late reminder to Member 56 - 278790957736082 via 278790957736082@lid",
    "timestamp": "2026-03-05T08:50:32.962Z",
    "type": "LATE"
  },
  "log_1772700633626_vr3f8bxl1": {
    "whatsapp_id": "249040155455679",
    "message": "Sent late reminder to Member 57 - 249040155455679 via 249040155455679@lid",
    "timestamp": "2026-03-05T08:50:33.625Z",
    "type": "LATE"
  },
  "log_1772700634279_zss923n22": {
    "whatsapp_id": "41137549090949",
    "message": "Sent late reminder to Member 58 - 41137549090949 via 41137549090949@lid",
    "timestamp": "2026-03-05T08:50:34.279Z",
    "type": "LATE"
  },
  "log_1772700634953_j9d2ts6zj": {
    "whatsapp_id": "267185737961684",
    "message": "Sent late reminder to Member 59 - 267185737961684 via 267185737961684@lid",
    "timestamp": "2026-03-05T08:50:34.953Z",
    "type": "LATE"
  },
  "log_1772700635624_w8eiwr42v": {
    "whatsapp_id": "18529025822770",
    "message": "Sent late reminder to Member 60 - 18529025822770 via 18529025822770@lid",
    "timestamp": "2026-03-05T08:50:35.624Z",
    "type": "LATE"
  }
}